
@misc{noauthor_australian_2022,
  title    = {Australian {PV} {Institute} ({APVI}) {Solar} {Map}},
  url      = {https://pv-map.apvi.org.au},
  language = {en},
  urldate  = {2022-10-16},
  year     = {2022},
  note     = {publisher: Australian PV Institute}
}

@misc{noauthor_digital_nodate,
  title    = {Digital boundary files},
  url      = {https://www.abs.gov.au/statistics/standards/australian-statistical-geography-standard-asgs-edition-3/jul2021-jun2026/access-and-downloads/digital-boundary-files},
  language = {en},
  urldate  = {2022-10-16},
  journal  = {Australian Bureau of Statistics},
  month    = jun,
  year     = {2022}
}

@misc{noauthor_postcode_2022,
  title   = {Postcode data for small-scale installations},
  url     = {https://www.cleanenergyregulator.gov.au/RET/Forms-and-resources/Postcode-data-for-small-scale-installations},
  urldate = {2022-10-16},
  year    = {2022},
  note    = {publisher: Clean Energy Regulator}
}
